<?xml version="1.0" encoding="UTF-8"?>
<record>
  <leader>00912naa#a2200277#cc4500</leader>
  <controlfield tag="005">20210408134014.0</controlfield>
  <controlfield tag="007">tu</controlfield>
  <controlfield tag="008">010914|1902####gw ###########|||#|#ger#c</controlfield>
  <controlfield tag="003">DE-605</controlfield>
  <controlfield tag="001">990114617880206441</controlfield>
  <datafield tag="016" ind1="7" ind2=" ">
    <subfield code="a">1106953038</subfield>
    <subfield code="2">OCoLC</subfield>
  </datafield>
  <datafield tag="035" ind1=" " ind2=" ">
    <subfield code="a">(DE-605)HT013135581</subfield>
  </datafield>
  <datafield tag="040" ind1=" " ind2=" ">
    <subfield code="c">DE-605</subfield>
    <subfield code="a">6</subfield>
    <subfield code="b">ger</subfield>
    <subfield code="d">61</subfield>
    <subfield code="e">rakwb</subfield>
  </datafield>
  <datafield tag="041" ind1=" " ind2=" ">
    <subfield code="a">ger</subfield>
  </datafield>
  <datafield tag="044" ind1=" " ind2=" ">
    <subfield code="c">XA-DXDE</subfield>
  </datafield>
  <datafield tag="100" ind1="1" ind2=" ">
    <subfield code="a">Schulenburg, Theodor</subfield>
    <subfield code="d">1831-1911</subfield>
    <subfield code="0">(DE-588)127969179</subfield>
    <subfield code="4">aut</subfield>
    <subfield code="9">O:H</subfield>
    <subfield code="0">https://portal.dnb.de/opac.htm?method=simpleSearch&amp;cqlMode=true&amp;query=idn=127969179</subfield>
    <subfield code="0">http://viaf.org/viaf/sourceID/DNB|127969179</subfield>
    <subfield code="B">GND-127969179</subfield>
  </datafield>
  <datafield tag="245" ind1="1" ind2="0">
    <subfield code="a">Gründung und Entwicklung der Realschule zu Rostock</subfield>
    <subfield code="n">[1]</subfield>
    <subfield code="c">von Th. Schulenburg</subfield>
  </datafield>
  <datafield tag="264" ind1=" " ind2="1">
    <subfield code="c">1902</subfield>
  </datafield>
  <datafield tag="035" ind1=" " ind2=" ">
    <subfield code="a">(OCoLC)1106953038</subfield>
  </datafield>
  <datafield tag="035" ind1=" " ind2=" ">
    <subfield code="a">(DE-599)HBZHT013135581</subfield>
  </datafield>
  <datafield tag="960" ind1="1" ind2=" ">
    <subfield code="b">Schulprogramm</subfield>
  </datafield>
  <datafield tag="964" ind1="0" ind2="s">
    <subfield code="F">030</subfield>
    <subfield code="A">a|1uc||||||||</subfield>
  </datafield>
  <datafield tag="964" ind1="0" ind2="s">
    <subfield code="F">050</subfield>
    <subfield code="A">a|||||||||||||</subfield>
  </datafield>
  <datafield tag="964" ind1="0" ind2="s">
    <subfield code="F">051</subfield>
    <subfield code="A">a|||||||</subfield>
  </datafield>
  <datafield tag="773" ind1="0" ind2="8">
    <subfield code="i">Enthalten in</subfield>
    <subfield code="t">Programm der Realschule zu Rostock</subfield>
    <subfield code="d"> 1902</subfield>
    <subfield code="g">1902, S. [3] - 25</subfield>
    <subfield code="w">(DE-600)1118317-2</subfield>
    <subfield code="w">(DE-600)1118317-2</subfield>
    <subfield code="q">1</subfield>
  </datafield>
  <datafield tag="776" ind1="0" ind2="8">
    <subfield code="i">Reproduktion</subfield>
    <subfield code="w">(DE-605)CT003055819</subfield>
  </datafield>
  <datafield tag="MBD" ind1=" " ind2=" ">
    <subfield code="M">49HBZ_NETWORK</subfield>
    <subfield code="i">990114617880206441</subfield>
    <subfield code="n">HBZ Network</subfield>
  </datafield>
  <datafield tag="MBD" ind1=" " ind2=" ">
    <subfield code="M">49HBZ_DUE</subfield>
    <subfield code="i">990028053600206443</subfield>
    <subfield code="n">Universität Düsseldorf</subfield>
  </datafield>
  <datafield tag="MNG" ind1=" " ind2=" ">
    <subfield code="c">System</subfield>
    <subfield code="f">OTHER</subfield>
    <subfield code="i">marc21</subfield>
    <subfield code="k">01</subfield>
    <subfield code="e">false</subfield>
    <subfield code="d">2023-04-24 22:41:33 Europe/Berlin</subfield>
    <subfield code="g">011461788-HBZ01</subfield>
    <subfield code="j">60</subfield>
    <subfield code="a">import</subfield>
    <subfield code="b">2021-04-06 00:31:51 Europe/Berlin</subfield>
  </datafield>
  <datafield tag="H52" ind1="8" ind2=" ">
    <subfield code="b">X0001</subfield>
    <subfield code="c">00L</subfield>
    <subfield code="h">qro/0011(1902)</subfield>
    <subfield code="8">22257820100006443</subfield>
  </datafield>
  <datafield tag="HOL" ind1=" " ind2=" ">
    <subfield code="b">2021-04-01 10:00:31</subfield>
    <subfield code="8">22257820100006443</subfield>
    <subfield code="M">49HBZ_DUE</subfield>
    <subfield code="g">false</subfield>
    <subfield code="a">import</subfield>
  </datafield>
  <datafield tag="ITM" ind1=" " ind2=" ">
    <subfield code="H">22257820100006443</subfield>
    <subfield code="x">00L</subfield>
    <subfield code="f">BOOK</subfield>
    <subfield code="v">00L</subfield>
    <subfield code="p">43</subfield>
    <subfield code="X">System</subfield>
    <subfield code="U">2013-04-22 12:59:00 Europe/Berlin</subfield>
    <subfield code="Y">2021-04-01 12:01:03 Europe/Berlin</subfield>
    <subfield code="h">false</subfield>
    <subfield code="M">49HBZ_DUE</subfield>
    <subfield code="s">0</subfield>
    <subfield code="d">8</subfield>
    <subfield code="V">import</subfield>
    <subfield code="O">Process Status: NM</subfield>
    <subfield code="a">23257820090006443</subfield>
    <subfield code="c">qro/0011(1902)</subfield>
    <subfield code="r">TECHNICAL</subfield>
    <subfield code="W">2013-04-22 02:00:00 Europe/Berlin</subfield>
    <subfield code="u">X0001</subfield>
    <subfield code="w">X0001</subfield>
  </datafield>
  <datafield tag="GPN" ind1="1" ind2=" ">
    <subfield code="a">Schulenburg, Theodor Friedrich Konrad</subfield>
    <subfield code="d">1831-1911</subfield>
    <subfield code="4">navo</subfield>
    <subfield code="i">Vollstaendiger Name</subfield>
    <subfield code="9">v:Kössler</subfield>
    <subfield code="A">GND</subfield>
    <subfield code="B">GND-127969179</subfield>
    <subfield code="C">400</subfield>
  </datafield>
  <datafield tag="GPN" ind1="1" ind2=" ">
    <subfield code="a">Schulenburg, Th.</subfield>
    <subfield code="d">1831-1911</subfield>
    <subfield code="A">GND</subfield>
    <subfield code="B">GND-127969179</subfield>
    <subfield code="C">400</subfield>
  </datafield>
  <datafield tag="GSI" ind1="7" ind2=" ">
    <subfield code="a">127969179</subfield>
    <subfield code="0">http://d-nb.info/gnd/127969179</subfield>
    <subfield code="2">gnd</subfield>
    <subfield code="A">GND</subfield>
    <subfield code="B">GND-127969179</subfield>
    <subfield code="C">024</subfield>
  </datafield>
</record>
